@Article{Sivadas2020HowDM,
 author = {Athira Sivadas and K. Broadie},
 booktitle = {Frontiers for Young Minds},
 title = {How Does My Brain Communicate With My Body?},
 volume = {8},
 year = {2020}
}


